@inproceedings{10.5555/2820282.2820289,
  author    = {Minelli, Roberto and and, Andrea Mocci and Lanza, Michele},
  booktitle = {Proceedings of the 2015 IEEE 23rd International Conference on Program Comprehension},
  location  = {Florence, Italy},
  numpages  = {11},
  pages     = {25--35},
  publisher = {IEEE Press},
  series    = {ICPC '15},
  title     = {I Know What You Did Last Summer: An Investigation of How Developers Spend Their Time},
  year      = {2015}
}

@book{pratchett1983magic,
  author    = {Pratchett, Terry},
  publisher = {Colin Smythe},
  title     = {The Colour of Magic},
  year      = {1983}
}
