@misc{amdahl1967amdahl,
  author = {Amdahl, Gene},
  title  = {Amdahl's law},
  year   = {1967}
}

@book{carroll1865,
  author    = {Lews Carroll},
  month     = {November},
  publisher = {Macmillan},
  title     = {Alice's Adventures in Wonderland},
  year      = {1865}
}

@book{epictetusdiscourses,
  author = {Epictetus},
  title  = {Discourses, Book I},
  year   = {108 AD}
}

@incollection{hansWahrheit,
  author = {Hans-Georg Gadamer},
  page   = {282},
  title  = {Wahrheit und Methode},
  year   = {1960}
}

@article{knuth1984literate,
  author    = {Knuth, Donald Ervin},
  journal   = {The computer journal},
  number    = {2},
  pages     = {97--111},
  publisher = {Oxford University Press},
  title     = {Literate programming},
  volume    = {27},
  year      = {1984}
}
