@book{epictetusdiscourses,
  title={Discourses, Book I},
  author={Epictetus},
  year={108 AD}
}
