@article{andrei1998collatz,
  author    = {Andrei, {\c{S}}tefan and Masalagiu, Cristian},
  journal   = {Acta Informatica},
  number    = {2},
  pages     = {167--179},
  publisher = {Springer},
  title     = {About the Collatz conjecture},
  url       = {https://link.springer.com/content/pdf/10.1007/s002360050117.pdf},
  volume    = {35},
  year      = {1998}
}
@misc{microbenchmarks,
  author = {John Rose and J. Duke},
  title  = {MicroBenchmarks},
  url    = {https://wiki.openjdk.org/display/HotSpot/MicroBenchmarks},
  year   = 2012
}
@article{van2005collatz,
  author  = {Van Bendegem, Jean Paul},
  journal = {Logic and Logical Philosophy},
  number  = {1},
  pages   = {7--23},
  title   = {The Collatz conjecture. A case study in mathematical problem solving},
  url     = {https://apcz.umk.pl/LLP/article/download/LLP.2005.002/1433},
  volume  = {14},
  year    = {2005}
}

