@article{yon1958computer,
  author  = {Yon Neumann, John},
  journal = {New Haven, Conn.: Yale Uni},
  title   = {The computer and the brain},
  year    = {1958}
}
