@book{goethe1831meinem,
  title={Aus meinem Leben. Dichtung und Wahrheit},
  author={Goethe, Johann Wolfgang},
  year={1812},
  volume={II}
}
