@book{10.5555/151071,
  address   = {USA},
  author    = {McConnell, Steve},
  isbn      = {1556154844},
  publisher = {Microsoft Press},
  title     = {Code Complete: A Practical Handbook of Software Construction},
  year      = {1993}
}

@book{doyle2010sign,
  author    = {Doyle, Arthur Conan},
  publisher = {Broadview Press},
  title     = {The sign of four},
  year      = {2010}
}

@book{fosdick1941living,
  author    = {Fosdick, Harry Emerson},
  publisher = {Harper \& brothers},
  title     = {Living Under Tension: Sermons on Christianity Today},
  year      = {1941}
}
