@book{chrsitie1934,
  author    = {Christie, Agatha},
  publisher = {Collins Crime Club},
  title     = {Murder on the Orient Express},
  year      = {1934}
}

@book{knuth1999digital,
  author    = {Knuth, Donald Ervin},
  publisher = {Csli Publications},
  title     = {Digital Typography},
  volume    = {78},
  year      = {1999}
}
