@article{dijkstra1972humble,
  title={The humble programmer},
  author={Dijkstra, Edsger W.},
  journal={Communications of the ACM},
  volume={15},
  number={10},
  pages={859--866},
  year={1972},
  publisher={ACM New York, NY, USA}
}

@book{kant1924kritik,
  title={Kritik der Urteilskraft},
  author={Kant, Immanuel and Vorl{\"a}nder, Karl and Klemme, Heiner},
  volume={1},
  year={1790},
  publisher={F. Meiner}
}

@book{gott1984zettelspruche,
  title={Zettelspr{\"u}che: Aphorismen},
  author={G{\"o}tt, Emil},
  year={1984},
  publisher={Universit{\"a}tsbibliothek}
}
