@book{abbott1987flatland,
  author    = {Abbott, Edwin A.},
  publisher = {Penguin Books},
  title     = {Flatland: a romance of many dimensions},
  volume    = {22},
  year      = {1987}
}

@article{meyer1992applying,
  author    = {Meyer, Bertrand},
  journal   = {Computer},
  number    = {10},
  pages     = {40--51},
  publisher = {IEEE},
  title     = {Applying \say{design by contract}},
  volume    = {25},
  year      = {1992}
}

@report{meyer1986dbc,
  author    = {Meyer, Bertrand},
  publisher = {Interactive Software Engineering Inc.},
  title     = {Design by Contract},
  type      = {technical report},
  year      = {1986}
}
